<record><leader>00000cas a2200000 a 4500</leader><controlfield tag="001">10181559</controlfield><controlfield tag="008">831202d18281852riuwr ne      0    0eng c</controlfield><datafield ind1=" " ind2=" " tag="010"><subfield code="a">sn 83021465 </subfield></datafield><datafield ind1=" " ind2=" " tag="040"><subfield code="a">NPX</subfield><subfield code="b">eng</subfield><subfield code="c">NPX</subfield><subfield code="d">NPU</subfield><subfield code="d">NPA</subfield><subfield code="d">DLC</subfield><subfield code="d">NPA</subfield><subfield code="d">NPV</subfield><subfield code="d">RHN</subfield><subfield code="d">YOX</subfield><subfield code="d">OCL</subfield><subfield code="d">KRTAS</subfield><subfield code="d">CUI</subfield><subfield code="d">OCLCQ</subfield><subfield code="d">OCLCA</subfield><subfield code="d">OCLCF</subfield></datafield><datafield ind1="1" ind2=" " tag="029"><subfield code="a">AU@</subfield><subfield code="b">000020124174</subfield></datafield><datafield ind1=" " ind2=" " tag="042"><subfield code="a">pcc</subfield></datafield><datafield ind1=" " ind2=" " tag="043"><subfield code="a">n-us-ri</subfield></datafield><datafield ind1="0" ind2="0" tag="050"><subfield code="a">Newspaper 9654-X</subfield></datafield><datafield ind1=" " ind2="4" tag="050"><subfield code="a">AN</subfield></datafield><datafield ind1="0" ind2=" " tag="130"><subfield code="a">Republican herald (Providence, R.I. : 1828)</subfield></datafield><datafield ind1="1" ind2="0" tag="245"><subfield code="a">Republican herald.</subfield></datafield><datafield ind1="1" ind2="3" tag="246"><subfield code="a">Republican herald and farmers' and mechanics' advocate</subfield></datafield><datafield ind1=" " ind2=" " tag="260"><subfield code="a">Providence, R.I. :</subfield><subfield code="b">John S. Greene</subfield></datafield><datafield ind1=" " ind2=" " tag="300"><subfield code="a">v.</subfield></datafield><datafield ind1=" " ind2=" " tag="310"><subfield code="a">Weekly</subfield></datafield><datafield ind1="0" ind2=" " tag="362"><subfield code="a">Vol. 1, no. 4 (Sept. 20, 1828)-v. 25, no. 52 (Dec. 25, 1852).</subfield></datafield><datafield ind1=" " ind2=" " tag="500"><subfield code="a">Published as: Republican herald and farmers' and mechanics' advocate, Jan. 28-Apr. 22, 1829.</subfield></datafield><datafield ind1=" " ind2=" " tag="580"><subfield code="a">Semiweekly edition: Republican herald (Providence, R.I. : 1832), 1832-1852. Issues for Feb. 5-July 3, 1840 called Daily evening herald, and commercial intelligencer and published daily.</subfield></datafield><datafield ind1=" " ind2=" " tag="580"><subfield code="a">Merged with: Republican herald (Providence, R.I. : 1832), and: Rhode-Island weekly post, to form: Republican herald and post.</subfield></datafield><datafield ind1=" " ind2="0" tag="651"><subfield code="a">Providence (R.I.)</subfield><subfield code="v">Newspapers.</subfield></datafield><datafield ind1=" " ind2="0" tag="651"><subfield code="a">Providence County (R.I.)</subfield><subfield code="v">Newspapers.</subfield></datafield><datafield ind1=" " ind2="7" tag="655"><subfield code="a">Newspapers.</subfield><subfield code="2">fast</subfield><subfield code="0">(OCoLC)fst01423814</subfield></datafield><datafield ind1=" " ind2="7" tag="651"><subfield code="a">Rhode Island</subfield><subfield code="z">Providence.</subfield><subfield code="2">fast</subfield><subfield code="0">(OCoLC)fst01204977</subfield></datafield><datafield ind1=" " ind2="7" tag="651"><subfield code="a">Rhode Island</subfield><subfield code="z">Providence County.</subfield><subfield code="2">fast</subfield><subfield code="0">(OCoLC)fst01211868</subfield></datafield><datafield ind1=" " ind2=" " tag="752"><subfield code="a">United States</subfield><subfield code="b">Rhode Island</subfield><subfield code="c">Providence</subfield><subfield code="d">Providence.</subfield></datafield><datafield ind1="1" ind2=" " tag="775"><subfield code="t">Republican herald (Providence, R.I. : 1832)</subfield><subfield code="w">(DLC)sn 83021460</subfield><subfield code="w">(OCoLC)10181484</subfield></datafield><datafield ind1="0" ind2="8" tag="776"><subfield code="i">Online version:</subfield><subfield code="t">Republican herald (Providence, R.I. : 1828 : Online)</subfield><subfield code="w">(OCoLC)192107504</subfield></datafield><datafield ind1="0" ind2="0" tag="780"><subfield code="t">Herald (Providence, R.I.)</subfield><subfield code="w">(DLC)sn 91070524</subfield><subfield code="w">(OCoLC)24347565</subfield></datafield><datafield ind1="1" ind2="7" tag="785"><subfield code="t">Rhode-Island weekly post</subfield><subfield code="w">(DLC)sn 91070525</subfield><subfield code="w">(OCoLC)24347928</subfield></datafield><datafield ind1="1" ind2="7" tag="785"><subfield code="t">Republican herald and post</subfield><subfield code="w">(DLC)sn 83021462</subfield><subfield code="w">(OCoLC)10197489</subfield></datafield><datafield ind1=" " ind2=" " tag="938"><subfield code="a">Kirtas Technologies, Inc.</subfield><subfield code="b">KRTS</subfield><subfield code="n">737930</subfield></datafield></record>